@article{greenwade93,
    author  = "George D. Greenwade",
    title   = "The {C}omprehensive {T}ex {A}rchive {N}etwork ({CTAN})",
    year    = "1993",
    journal = "TUGBoat",
    volume  = "14",
    number  = "3",
    pages   = "342--351"
}

@article{domingos1996unifying,
  title={Unifying instance-based and rule-based induction},
  author={Domingos, Pedro},
  journal={Machine Learning},
  volume={24},
  number={2},
  pages={141--168},
  year={1996},
  publisher={Springer}
}

